<record><leader>00000cas a22000007a 4500</leader><controlfield tag="001">21587731</controlfield><controlfield tag="008">900525d19821986nhuwr ne      0    0eng d</controlfield><datafield ind1=" " ind2=" " tag="010"><subfield code="a">sn 90062291 </subfield></datafield><datafield ind1=" " ind2=" " tag="040"><subfield code="a">NVH</subfield><subfield code="b">eng</subfield><subfield code="c">NVH</subfield><subfield code="d">OCLCQ</subfield></datafield><datafield ind1=" " ind2=" " tag="042"><subfield code="a">msc</subfield></datafield><datafield ind1="0" ind2="4" tag="245"><subfield code="a">The Journal-transcript, the trumpeter.</subfield></datafield><datafield ind1=" " ind2=" " tag="260"><subfield code="a">Franklin, N.H. :</subfield><subfield code="b">Twin River Pub.</subfield></datafield><datafield ind1=" " ind2=" " tag="300"><subfield code="a">v.</subfield></datafield><datafield ind1=" " ind2=" " tag="310"><subfield code="a">Weekly</subfield></datafield><datafield ind1="0" ind2=" " tag="362"><subfield code="a">Vol. 10, no. 41 (Oct. 13, 1982)-v. 15, no. 33 (Aug. 27, 1986).</subfield></datafield><datafield ind1=" " ind2=" " tag="752"><subfield code="a">United States</subfield><subfield code="b">New Hampshire</subfield><subfield code="c">Merrimack</subfield><subfield code="d">Franklin.</subfield></datafield><datafield ind1="0" ind2="0" tag="780"><subfield code="t">Trumpeter</subfield><subfield code="w">(DLC)sn 90062290</subfield></datafield><datafield ind1="0" ind2="0" tag="785"><subfield code="t">Journal-transcript (Franklin, N.H. : 1986)</subfield><subfield code="w">(DLC)sn 90062292</subfield></datafield></record>